<record><leader>00000cas a22000007a 4500</leader><controlfield tag="001">1763594</controlfield><controlfield tag="008">751101d18971897mnuwr ne      0    0eng d</controlfield><datafield ind1=" " ind2=" " tag="010"><subfield code="a">sn 89064425 </subfield></datafield><datafield ind1=" " ind2=" " tag="040"><subfield code="a">MUL</subfield><subfield code="b">eng</subfield><subfield code="c">MUL</subfield><subfield code="d">MN#</subfield><subfield code="d">OCLCQ</subfield><subfield code="d">OCLCF</subfield><subfield code="d">OCLCO</subfield></datafield><datafield ind1="1" ind2=" " tag="029"><subfield code="a">AU@</subfield><subfield code="b">000025856611</subfield></datafield><datafield ind1=" " ind2=" " tag="042"><subfield code="a">msc</subfield></datafield><datafield ind1=" " ind2=" " tag="043"><subfield code="a">n-us-mn</subfield></datafield><datafield ind1=" " ind2=" " tag="052"><subfield code="a">4144</subfield><subfield code="b">R4</subfield></datafield><datafield ind1=" " ind2=" " tag="052"><subfield code="a">4143</subfield><subfield code="b">G6</subfield></datafield><datafield ind1="0" ind2=" " tag="130"><subfield code="a">Red Wing times (Red Wing, Minn. : 1897)</subfield></datafield><datafield ind1="0" ind2="4" tag="245"><subfield code="a">The Red Wing times.</subfield></datafield><datafield ind1=" " ind2=" " tag="260"><subfield code="a">Red Wing, Minn. :</subfield><subfield code="b">Times Pub. Co.,</subfield><subfield code="c">1897.</subfield></datafield><datafield ind1=" " ind2=" " tag="300"><subfield code="a">2 v.</subfield></datafield><datafield ind1=" " ind2=" " tag="310"><subfield code="a">Weekly</subfield></datafield><datafield ind1="0" ind2=" " tag="362"><subfield code="a">Vol. 15, no. 52 (May 14, 1897)-v. 16, no. 31 (Dec. 17, 1897).</subfield></datafield><datafield ind1=" " ind2=" " tag="530"><subfield code="a">Available on microfilm from the Minnesota Historical Society.</subfield></datafield><datafield ind1=" " ind2="0" tag="651"><subfield code="a">Red Wing (Minn.)</subfield><subfield code="v">Newspapers.</subfield></datafield><datafield ind1=" " ind2="7" tag="655"><subfield code="a">Newspapers.</subfield><subfield code="2">fast</subfield><subfield code="0">(OCoLC)fst01423814</subfield></datafield><datafield ind1=" " ind2="7" tag="651"><subfield code="a">Minnesota</subfield><subfield code="z">Red Wing.</subfield><subfield code="2">fast</subfield><subfield code="0">(OCoLC)fst01206394</subfield></datafield><datafield ind1=" " ind2=" " tag="752"><subfield code="a">United States</subfield><subfield code="b">Minnesota</subfield><subfield code="c">Goodhue</subfield><subfield code="d">Red Wing.</subfield></datafield><datafield ind1="0" ind2="0" tag="780"><subfield code="t">Red Wing journal</subfield><subfield code="w">(DLC)sn 89064423</subfield></datafield><datafield ind1="0" ind2="4" tag="785"><subfield code="t">Red Wing Argus</subfield><subfield code="w">(DLC)sn 85025566</subfield></datafield></record>